<?xml version="1.0" encoding="UTF-8"?><collection xmlns="http://www.loc.gov/MARC21/slim"><record><leader>00383nam--2200133-i-4500</leader><controlfield tag="001">000014594</controlfield><controlfield tag="002">20161230</controlfield><controlfield tag="005">20161230201030</controlfield><controlfield tag="008">060222s1000------------r-----000-0-eng-d</controlfield><datafield ind1=" " ind2=" " tag="245"><subfield code="a">Effects of drugs on the coll nucleus</subfield></datafield><datafield ind1=" " ind2=" " tag="260"><subfield code="a">New York, Academic Press, 1979</subfield></datafield><datafield ind1=" " ind2=" " tag="490"><subfield code="a">Bristol-myers Cancer Symposia</subfield></datafield><datafield ind1=" " ind2=" " tag="700"><subfield code="a">Busch, H.S</subfield></datafield><datafield ind1=" " ind2=" " tag="852"><subfield code="a">615.3(061.3):576.312(061.3):616.006.6(061.3)</subfield></datafield></record></collection>